@misc{Seven,
author = {Seven, Health Level},
file = {:C$\backslash$:/Users/Eduardo Pinto/AppData/Local/Mendeley Ltd./Mendeley Desktop/Downloaded/Unknown - Unknown - HL7 - FAQs.html:html},
keywords = {cda,hl7,official,v2,v3},
mendeley-tags = {cda,hl7,official,v2,v3},
title = {{HL7 - FAQs}},
howpublished = "\url{http://www.hl7.org/about/FAQs/index.cfm?ref=nav}"
}
@misc{Inc,
annote = {hl7, which is an abbreviation of health level seven, is a standard for exchanging information between medical applications.},
author = {Inc, INTERFACEWARE™},
file = {:C$\backslash$:/Users/Eduardo Pinto/AppData/Local/Mendeley Ltd./Mendeley Desktop/Downloaded/Unknown - Unknown - HL7 - Health Level Seven - The Health Information Technology Standard - iNTERFACEWARE™ Inc.html:html},
title = {{HL7 - Health Level Seven - The Health Information Technology Standard - iNTERFACEWARE™ Inc}},
howpublished = "\url{http://www.interfaceware.com/hl7.html}"
}

@misc{WHO,
author = {WHO},
keywords = {icd,who},
mendeley-tags = {icd,who},
title = {{WHO | International Classification of Diseases (ICD)}},
howpublished = "\url{http://www.who.int/classifications/icd/en/}"
}
@misc{IHTSDO,
author = {IHTSDO},
title = {{IHTSDO: About SNOMED CT}},
howpublished = "\url{http://www.ihtsdo.org/snomed-ct/snomed-ct0/}"
}
@misc{Spronk2007,
author = {Spronk, Ren\'{e}},
keywords = {comparision,hl7,v2,v3},
mendeley-tags = {comparision,hl7,v2,v3},
title = {{HL7 Message examples: version 2 and version 3}},
howpublished = "\url{http://www.ringholm.de/docs/04300\_en.htm}",
year = {2007}
}
@misc{OfHealth,
abstract = {The government today announced an acceleration of the dismantling of the National Programme for IT, following the conclusions of a new review by the Cabinet Office’s Major Projects Authority (MPA). The programme was created in 2002 under the last...},
author = {of Health, Department},
keywords = {Health,Health care,Health services and health service management,cancel,fail,nhs,npfit,well-being and care},
language = {eng},
mendeley-tags = {cancel,fail,nhs,npfit},
publisher = {Department of Health, Richmond House, 79 Whitehall, London SW1A 2NJ, UK, dhmail@dh.gsi.gov.uk},
title = {{Dismantling the NHS National Programme for IT}},
howpublished = "\url{http://mediacentre.dh.gov.uk/2011/09/22/dismantling-the-nhs-national-programme-for-it/}"
}
@misc{EpSOS,
abstract = {epSOS - European Patients - Smart open Services},
author = {EpSOS},
keywords = {ehealth,epSOS - European Patients - Smart open Services,epsos,rse,site},
language = {en},
mendeley-tags = {ehealth,epsos,rse,site},
title = {{epSOS: Systems \& Standards}},
howpublished = "\url{http://www.epsos.eu/technical-background/systems-standards.html}"
}
@misc{Infoway,
author = {Infoway, Canada Health},
keywords = {infoway},
mendeley-tags = {infoway},
title = {{Model Report}},
howpublished = "\url{https://knowledge.infoway-inforoute.ca/EHRSRA/index.html}"
}
@misc{Health2012,
author = {for Health, Connecting},
keywords = {health,nhs},
mendeley-tags = {health,nhs},
title = {{NHS Interoperability Toolkit - NHS Connecting for Health}},
howpublished = "\url{http://www.connectingforhealth.nhs.uk/systemsandservices/interop}",
year = {2012}
}
@misc{GDH2011,
author = {da Saúde, Ministério},
keywords = {gdh,gdhs},
mendeley-tags = {health,nhs},
title = {{Grupos de Diagnósticos Homogéneos}},
howpublished = "\url{http://portalcodgdh.min-saude.pt/index.php/Grupos_de_Diagn%C3%B3sticos_Homog%C3%A9neos_(GDH)}",
year = {2011}
}